@MastersThesis{claveM,
author = {ada},
title = {titulo},
school = {escuela},
year = {2013}
}
