@Book{llaveLibro1,
author ={Nombre},
title = {titulo libro},
publisher = {editorial},
year = {2013},
}

@Article{articulo1,
author = {Nomb},
title = {titulo Articulo},
journal = {revista},
year = {2013},
}
